<?xml version="1.0" encoding="UTF-8"?>
<collection xmlns:xsi="http://www.w3.org/2001/XMLSchema-instance" xsi:schemaLocation="http://www.loc.gov/MARC21/slim http://www.loc.gov/standards/marcxml/schema/MARC21slim.xsd" xmlns="http://www.loc.gov/MARC21/slim">
<record>
  <leader>00876cam a2200241Mi 4500</leader>
  <controlfield tag="001">2537969</controlfield>
  <controlfield tag="003">NNC</controlfield>
  <controlfield tag="005">20130425130737.0</controlfield>
  <controlfield tag="008">911203s1881    ua            000 0 ara d</controlfield>
  <datafield tag="035" ind1=" " ind2=" ">
    <subfield code="a">(OCoLC)ocm33923459</subfield>
  </datafield>
  <datafield tag="035" ind1=" " ind2=" ">
    <subfield code="9">AQL9350CU</subfield>
  </datafield>
  <datafield tag="035" ind1=" " ind2=" ">
    <subfield code="a">(NNC)2537969</subfield>
  </datafield>
  <datafield tag="040" ind1=" " ind2=" ">
    <subfield code="a">HLS</subfield>
    <subfield code="c">HLS</subfield>
    <subfield code="d">ZCU</subfield>
  </datafield>
  <datafield tag="090" ind1=" " ind2=" ">
    <subfield code="a">DT104.5</subfield>
    <subfield code="b">.I7 1881</subfield>
  </datafield>
  <datafield tag="100" ind1="1" ind2=" ">
    <subfield code="a">Abkāriyūs, Iskandar ibn Yaʻqūb,</subfield>
    <subfield code="d">-1885.</subfield>
  </datafield>
  <datafield tag="245" ind1="1" ind2="3">
    <subfield code="a">al-Manāqib al-Ibrāhīmīyah wa-al-maʾāthir al-Khidīwīyah /</subfield>
    <subfield code="c">taʾlīf Iskandar Abkāriyūs ; bi-muʻāwanat Muḥammad Makkāwī.</subfield>
  </datafield>
  <datafield tag="260" ind1=" " ind2=" ">
    <subfield code="a">[Cairo] :</subfield>
    <subfield code="b">al-Maṭbaʻah al-Wahbīyah,</subfield>
    <subfield code="c">1299 [1881 or 1882]</subfield>
  </datafield>
  <datafield tag="300" ind1=" " ind2=" ">
    <subfield code="a">184 p. ;</subfield>
    <subfield code="c">16 cm.</subfield>
  </datafield>
  <datafield tag="600" ind1="0" ind2="0">
    <subfield code="a">Ibrāhīm ibn Muḥammad ʻAlī,</subfield>
    <subfield code="c">Pasha,</subfield>
    <subfield code="d">1789-1848.</subfield>
  </datafield>
  <datafield tag="651" ind1=" " ind2="0">
    <subfield code="a">Egypt</subfield>
    <subfield code="x">History</subfield>
    <subfield code="y">Mohammed Ali, 1805-1849.</subfield>
  </datafield>
  <datafield tag="651" ind1=" " ind2="0">
    <subfield code="a">Egypt</subfield>
    <subfield code="x">Kings and rulers.</subfield>
  </datafield>
  <datafield tag="700" ind1="1" ind2=" ">
    <subfield code="a">Makkāwī, Muḥammad.</subfield>
  </datafield>
  <datafield tag="955" ind1=" " ind2=" ">
    <subfield code="b">CU52878210</subfield>
    <subfield code="d">off,glx</subfield>
    <subfield code="e">DT104.5 .I7 1881</subfield>
  </datafield>
</record>
</collection>